@book{ParComp,
	author    = {Rodney G. Downey and
	Michael R. Fellows},
	title     = {Parameterized Complexity},
	series    = {Monographs in Computer Science},
	publisher = {Springer},
	year      = {1999},
	url       = {https://doi.org/10.1007/978-1-4612-0515-9},
	doi       = {10.1007/978-1-4612-0515-9},
	isbn      = {978-1-4612-6798-0},
	timestamp = {Sun, 02 Jun 2019 20:42:16 +0200},
	biburl    = {https://dblp.org/rec/bib/series/mcs/DowneyF99},
	bibsource = {dblp computer science bibliography, https://dblp.org}
}

@book{ParCompThm,
	author    = {J{\"{o}}rg Flum and
	Martin Grohe},
	title     = {Parameterized Complexity Theory},
	series    = {Texts in Theoretical Computer Science. An {EATCS} Series},
	publisher = {Springer},
	year      = {2006},
	url       = {https://doi.org/10.1007/3-540-29953-X},
	doi       = {10.1007/3-540-29953-X},
	isbn      = {978-3-540-29952-3},
	timestamp = {Tue, 16 May 2017 14:24:38 +0200},
	biburl    = {https://dblp.org/rec/bib/series/txtcs/FlumG06},
	bibsource = {dblp computer science bibliography, https://dblp.org}
}

@book{ParAlg,
	author    = {Marek Cygan and
	Fedor V. Fomin and
	Lukasz Kowalik and
	Daniel Lokshtanov and
	D{\'{a}}niel Marx and
	Marcin Pilipczuk and
	Michal Pilipczuk and
	Saket Saurabh},
	title     = {Parameterized Algorithms},
	publisher = {Springer},
	year      = {2015},
	url       = {https://doi.org/10.1007/978-3-319-21275-3},
	doi       = {10.1007/978-3-319-21275-3},
	isbn      = {978-3-319-21274-6},
	timestamp = {Mon, 16 Sep 2019 14:43:23 +0200},
	biburl    = {https://dblp.org/rec/bib/books/sp/CyganFKLMPPS15},
	bibsource = {dblp computer science bibliography, https://dblp.org}
}

@inproceedings{DomSet,
	author    = {Mihai Patrascu and
	Ryan Williams},
	title     = {On the Possibility of Faster {SAT} Algorithms},
	booktitle = {Proceedings of the Twenty-First Annual {ACM-SIAM} Symposium on Discrete
	Algorithms, {SODA} 2010},
	pages     = {1065--1075},
	year      = {2010},
	crossref  = {DBLP:conf/soda/2010},
	url       = {https://doi.org/10.1137/1.9781611973075.86},
	doi       = {10.1137/1.9781611973075.86},
	timestamp = {Fri, 02 Nov 2018 09:33:55 +0100},
	biburl    = {https://dblp.org/rec/bib/conf/soda/PatrascuW10},
	bibsource = {dblp computer science bibliography, https://dblp.org}
}

@proceedings{DBLP:conf/soda/2010,
	title     = {Proceedings of the Twenty-First Annual {ACM-SIAM} Symposium on Discrete
	Algorithms, {SODA} 2010, Austin, Texas, USA, January 17-19, 2010},
	publisher = {{SIAM}},
	year      = {2010},
	url       = {https://doi.org/10.1137/1.9781611973075},
	doi       = {10.1137/1.9781611973075},
	isbn      = {978-0-89871-701-3},
	timestamp = {Wed, 24 May 2017 08:31:21 +0200},
	biburl    = {https://dblp.org/rec/bib/conf/soda/2010},
	bibsource = {dblp computer science bibliography, https://dblp.org}
}

@article{DomSetAlg,
	author    = {Friedrich Eisenbrand and
	Fabrizio Grandoni},
	title     = {On the complexity of fixed parameter clique and dominating set},
	journal   = {Theoretical Computer Science},
	volume    = {326},
	number    = {1-3},
	pages     = {57--67},
	year      = {2004},
	url       = {https://doi.org/10.1016/j.tcs.2004.05.009},
	doi       = {10.1016/j.tcs.2004.05.009},
	timestamp = {Wed, 14 Nov 2018 10:33:29 +0100},
	biburl    = {https://dblp.org/rec/bib/journals/tcs/EisenbrandG04},
	bibsource = {dblp computer science bibliography, https://dblp.org}
}

@inproceedings{Crown,
	author    = {Benny Chor and
	Mike Fellows and
	David W. Juedes},
	title     = {Linear Kernels in Linear Time, or How to Save k Colors in O(n\({}^{\mbox{2}}\))
	Steps},
	booktitle = {Graph-Theoretic Concepts in Computer Science, 30th International Workshop,WG
	2004},
	pages     = {257--269},
	year      = {2004},
	crossref  = {DBLP:conf/wg/2004},
	url       = {https://doi.org/10.1007/978-3-540-30559-0\_22},
	doi       = {10.1007/978-3-540-30559-0\_22},
	timestamp = {Tue, 14 May 2019 10:00:40 +0200},
	biburl    = {https://dblp.org/rec/bib/conf/wg/ChorFJ04},
	bibsource = {dblp computer science bibliography, https://dblp.org}
}

@proceedings{DBLP:conf/wg/2004,
	title     = {Graph-Theoretic Concepts in Computer Science, 30th International Workshop,WG
	2004, Bad Honnef, Germany, June 21-23, 2004, Revised Papers},
	series    = {Lecture Notes in Computer Science},
	volume    = {3353},
	publisher = {Springer},
	year      = {2004},
	url       = {https://doi.org/10.1007/b104584},
	doi       = {10.1007/b104584},
	isbn      = {3-540-24132-9},
	timestamp = {Tue, 14 May 2019 10:00:40 +0200},
	biburl    = {https://dblp.org/rec/bib/conf/wg/2004},
	bibsource = {dblp computer science bibliography, https://dblp.org}
}

@article{Hopcroft-Karp,
	author    = {John E. Hopcroft and
	Richard M. Karp},
	title     = {An n\({}^{\mbox{5/2}}\) Algorithm for Maximum Matchings in Bipartite
	Graphs},
	journal   = {{SIAM} Journal on Computing},
	volume    = {2},
	number    = {4},
	pages     = {225--231},
	year      = {1973},
	url       = {https://doi.org/10.1137/0202019},
	doi       = {10.1137/0202019},
	timestamp = {Wed, 14 Nov 2018 10:45:06 +0100},
	biburl    = {https://dblp.org/rec/bib/journals/siamcomp/HopcroftK73},
	bibsource = {dblp computer science bibliography, https://dblp.org}
}

@article{Bodlaender,
	author    = {Hans L. Bodlaender and
	Rodney G. Downey and
	Michael R. Fellows and
	Danny Hermelin},
	title     = {On problems without polynomial kernels},
	journal   = {Journal of Computer and System Sciences},
	volume    = {75},
	number    = {8},
	pages     = {423--434},
	year      = {2009},
	url       = {https://doi.org/10.1016/j.jcss.2009.04.001},
	doi       = {10.1016/j.jcss.2009.04.001},
	timestamp = {Wed, 14 Nov 2018 10:33:59 +0100},
	biburl    = {https://dblp.org/rec/bib/journals/jcss/BodlaenderDFH09},
	bibsource = {dblp computer science bibliography, https://dblp.org}
}

@article{CNFSAT,
	author    = {Lance Fortnow and
	Rahul Santhanam},
	title     = {Infeasibility of instance compression and succinct PCPs for {NP}},
	journal   = {Journal of Computer and System Sciences},
	volume    = {77},
	number    = {1},
	pages     = {91--106},
	year      = {2011},
	url       = {https://doi.org/10.1016/j.jcss.2010.06.007},
	doi       = {10.1016/j.jcss.2010.06.007},
	timestamp = {Sat, 20 May 2017 00:25:53 +0200},
	biburl    = {https://dblp.org/rec/bib/journals/jcss/FortnowS11},
	bibsource = {dblp computer science bibliography, https://dblp.org}
}

@inproceedings{CoverProduct,
	author    = {Andreas Bj{\"{o}}rklund and
	Thore Husfeldt and
	Petteri Kaski and
	Mikko Koivisto},
	title     = {Fourier meets m{\"{o}}bius: fast subset convolution},
	booktitle = {Proceedings of the 39th Annual {ACM} Symposium on Theory of Computing},
	pages     = {67--74},
	year      = {2007},
	crossref  = {DBLP:conf/stoc/2007},
	url       = {https://doi.org/10.1145/1250790.1250801},
	doi       = {10.1145/1250790.1250801},
	timestamp = {Tue, 06 Nov 2018 11:07:04 +0100},
	biburl    = {https://dblp.org/rec/bib/conf/stoc/BjorklundHKK07},
	bibsource = {dblp computer science bibliography, https://dblp.org}
}

@proceedings{DBLP:conf/stoc/2007,
	title     = {Proceedings of the 39th Annual {ACM} Symposium on Theory of Computing},
	publisher = {{ACM}},
	year      = {2007},
	isbn      = {978-1-59593-631-8},
	timestamp = {Wed, 13 Jun 2007 12:33:13 +0200},
	biburl    = {https://dblp.org/rec/bib/conf/stoc/2007},
	bibsource = {dblp computer science bibliography, https://dblp.org}
}

@inproceedings{MAXSAT,
	author    = {Ivan Bliznets and
	Alexander Golovnev},
	title     = {A New Algorithm for Parameterized {MAX-SAT}},
	booktitle = {Parameterized and Exact Computation - 7th International Symposium,
	{IPEC} 2012 Proceedings},
	pages     = {37--48},
	year      = {2012},
	crossref  = {DBLP:conf/iwpec/2012},
	url       = {https://doi.org/10.1007/978-3-642-33293-7\_6},
	doi       = {10.1007/978-3-642-33293-7\_6},
	timestamp = {Tue, 14 May 2019 10:00:45 +0200},
	biburl    = {https://dblp.org/rec/bib/conf/iwpec/BliznetsG12},
	bibsource = {dblp computer science bibliography, https://dblp.org}
}

@proceedings{DBLP:conf/iwpec/2012,
	title     = {Parameterized and Exact Computation - 7th International Symposium,
	{IPEC} 2012, Ljubljana, Slovenia, September 12-14, 2012. Proceedings},
	series    = {Lecture Notes in Computer Science},
	volume    = {7535},
	publisher = {Springer},
	year      = {2012},
	url       = {https://doi.org/10.1007/978-3-642-33293-7},
	doi       = {10.1007/978-3-642-33293-7},
	isbn      = {978-3-642-33292-0},
	timestamp = {Tue, 14 May 2019 10:00:45 +0200},
	biburl    = {https://dblp.org/rec/bib/conf/iwpec/2012},
	bibsource = {dblp computer science bibliography, https://dblp.org}
}

@article{CROSS,
	author    = {Hans L. Bodlaender and
	Bart M. P. Jansen and
	Stefan Kratsch},
	title     = {Kernelization Lower Bounds by Cross-Composition},
	journal   = {{SIAM} Journal on Discrete Mathematics},
	volume    = {28},
	number    = {1},
	pages     = {277--305},
	year      = {2014},
	url       = {https://doi.org/10.1137/120880240},
	doi       = {10.1137/120880240},
	timestamp = {Sun, 02 Jun 2019 20:58:37 +0200},
	biburl    = {https://dblp.org/rec/bib/journals/siamdm/BodlaenderJK14},
	bibsource = {dblp computer science bibliography, https://dblp.org}
}


@inproceedings{MAXSATKERNEL,
	title={New Methods in Parameterized Algorithms and Complexity},
	author={Daniel Lokshtanov},
	year={2009},
	school="UCSB"
}

@inproceedings{TREEWIDTH,
	author    = {Daniel Lokshtanov and
	D{\'{a}}niel Marx and
	Saket Saurabh},
	title     = {Known Algorithms on Graphs on Bounded Treewidth are Probably Optimal},
	booktitle = {Proceedings of the Twenty-Second Annual {ACM-SIAM} Symposium on Discrete
	Algorithms, {SODA},
	2011},
	pages     = {777--789},
	year      = {2011},
	crossref  = {DBLP:conf/soda/2011},
	url       = {https://doi.org/10.1137/1.9781611973082.61},
	doi       = {10.1137/1.9781611973082.61},
	timestamp = {Mon, 30 Oct 2017 11:35:10 +0100},
	biburl    = {https://dblp.org/rec/bib/conf/soda/LokshtanovMS11a},
	bibsource = {dblp computer science bibliography, https://dblp.org}
}

@proceedings{DBLP:conf/soda/2011,
	title     = {Proceedings of the Twenty-Second Annual {ACM-SIAM} Symposium on Discrete
	Algorithms, {SODA}},
	publisher = {{SIAM}},
	year      = {2011},
	url       = {https://doi.org/10.1137/1.9781611973082},
	doi       = {10.1137/1.9781611973082},
	isbn      = {978-0-89871-993-2},
	timestamp = {Wed, 24 May 2017 08:31:21 +0200},
	biburl    = {https://dblp.org/rec/bib/conf/soda/2011},
	bibsource = {dblp computer science bibliography, https://dblp.org}
}